@CONTROL{REVTEX41Control}
@CONTROL{aip41Control,pages="1",title="0"}
